@manual {
	funkcne-a-nefunkcne-poziadavky,
	author = {Jiří Mlejnek},
	title = {{Analýza a sběr požadavků}},
	url = {https://moodle-vyuka.cvut.cz/pluginfile.php/161920/mod_resource/content/3/03.prednaska.pdf},
	note = {[online prezentácia][cit. 3. 5. 2020]}
}

@misc {
	verzie-php,
	title={PHP: Releases},
	url={https://www.php.net/releases/index.php},
	note = {[webstránka][cit. 4. 5. 2020]}
}

@misc {
	verzie-mysql,
	title={Mysql :: mysql 5.6 release notes 2020},
 	url={https://dev.mysql.com/doc/relnotes/mysql/5.6/en/},
	note = {[webstránka][cit. 4. 5. 2020]}
}

@misc {
	co-je-php,
	title={Pros and Cons of PHP Programming Language},
	url={https://www.pros-cons.net/pros-and-cons-of-php-programming-language/},
	note={[webstránka][cit. 4. 5. 2020] (vlastný preklad)}
}

@misc {
	co-je-mysql,
	title={What is MySQL?},
	url={https://dev.mysql.com/doc/refman/8.0/en/what-is-mysql.html},
	note={[webstránka][cit. 4. 5. 2020] (vlastný preklad)}
}

@book {
	co-su-pripady-pouzitia,
	place={Brno},
	title={UML 2 a unifikovaný proces vývoje aplikací},
	publisher={Computer Press},
	author={Arlow, Jim and Neustadt, Ila and Kiszka, Bogdan},
	year={2007},
	pages={95},
	note = {[webstránka][cit. 4. 5. 2020]}
}

@misc {
	mpa-architektura,
	title={Single Page Application vs. Multi-page Application},
	url={https://dev.to/mquanit/single-page-application-vs-multi-page-application-p2m},
	journal={Dev.to},
	author={Quanit, Mohammad},
	year={2020},
	note = "[webstránka][cit. 5. 5. 2020](vlastný preklad)"}
}

@misc {
	spa-vs-mpa-1,
	title={Which and when to use: SPA vs MPA - JAXenter},
	url={https://jaxenter.com/spa-vs-mpa-160963.html},
	journal={JAXenter},
	author={Adomavicius, Simon},
	year={2020},
	note = "[webstránka][cit. 5. 5. 2020](vlastný preklad)"}
}

@misc {
	spa-vs-mpa-2,
	title={Single Page Application (SPA) vs Multi Page Application (MPA): Pros and Cons},
	url={https://merehead.com/blog/single-page-application-vs-multi-page-application/},
	journal={Merehead},
	author={Melnik, Ian},
	year={2020},
	note = "[webstránka][cit. 5. 5. 2020](vlastný preklad)"}

@misc {
	spa-vs-mpa-3,
	title={SPA vs MPA: Key Difference Between Single-Page and Multi-Page Apps},
	url={https://cuspy.io/blog/spa-vs-mpa-what-is-the-difference/},
	journal={Cuspy Software},
	author={Kukhnavets, Pavel},
	year={2020},
	note = "[webstránka][cit. 5. 5. 2020](vlastný preklad)"}
}

@misc {
	co-je-json,
	title={JSON},
	url={https://www.json.org/json-en.html},
	journal={Json.org},
	year={2020},
	note = "[webstránka][cit. 5. 5. 2020](vlastný preklad)"}
}

@misc {
	co-je-framework,
	title={What is Frameworks? [Definition] Types of Frameworks},
	url={https://hackr.io/blog/what-is-frameworks},
	journal={Hackr.io},
	author={Singh, Vijay},
	year={2020},
	note = "[webstránka][cit. 6. 5. 2020](vlastný preklad)"}
}

@misc {
	co-je-html,
	title={HTML: Hypertext Markup Language},
	url={https://developer.mozilla.org/en-US/docs/Web/HTML},
	journal={MDN Web Docs},
	year={2020},
	note = "[webstránka][cit. 6. 5. 2020](vlastný preklad)"}
}

@misc {
	co-je-css,
	title={What is CSS3?},
	url={https://www.educba.com/what-is-css3/},
	journal={EDUCBA},
	year={2020}
}

@misc {
	co-je-js,
	title={JavaScript},
	url={https://www.cleverism.com/lexicon/javascript/},
	journal={Cleverism},
	author={Belyh, Anastasia},
	year={2020}
}

@misc {
	co-je-vue,
	url={https://vuejs.org/v2/guide/},
	journal={Vuejs.org},
	year={2020}
}

@misc {
	co-je-normalizacia,
	title={The Basics of Normalizing a Database},
	url={https://www.lifewire.com/database-normalization-basics-1019735},
	journal={Lifewire},
	author={Chapple, Mike},
	year={2020}
}

@misc {
	typy-normalizacie,
	url={https://www.studytonight.com/dbms/database-normalization.php},
	journal={Studytonight.com},
	year={2020}
}

@misc {
	ciastocna-zaavislost,
	url={https://www.studytonight.com/dbms/second-normal-form.php},
	journal={Studytonight.com},
	year={2020}
}

@misc {
	tranzitivna-zavislost,
	url={https://www.studytonight.com/dbms/third-normal-form.php},
	journal={Studytonight.com},
	year={2020}
}

@book {
	normalizovana-tabulka,
	author={Foster,Elvis and Godbole,Shripad},
	year={2016},
	title={Database Systems: A Pragmatic Approach},
	publisher={Apress},
	edition={2},
	isbn={9781484211922;1484211928;},
	page={98}
}



